% example .bib file from
% http://www.math.duke.edu/computing/tex/templates/database.bib

@ARTICLE{kop11,
   author = "Kop, R. and Fournier, H. and y Mak, J. S. F." ,
   title = " A Pedagogy of Abundance or a Pedagogy
to Support Human Beings? Participant
Support on Massive Open Online Courses.",
   journal = "International Review of Research in Open
and Distance Learning",
   volume = "12(7)",
   pages = "74-93",
   year = "(2011)",
   DOI = " http://files.eric.ed.gov/fulltext/EJ963994.pdf"
}
  
     
     @Book{Hj04,
   author = "Haber, J.",
    title = "MOOCs",
    booktitle = "MOOCs ",
   publisher = "Cambridge, Mass. : MIT Press",
     year = "2004",
     }    
     
     @article {Dow05,
  author = "  Downes, S.",
   title = " E-learning 2.0 ",
   journal= "E-learn-magazine",
   month = " October",
    year = "2005",  
    DOI = " http://www.downes.ca/post/58207 "
    }
         
@misc {Dow12,
  author = " Downes, S.",
   title = " Connectivism and Connective Knowledge ",
   month = " May",
    year = "2012",  
    DOI = "http://www.downes.ca/post/58207 "
    }
   
   @article {UNAM16,
   author = "Bras Ruiz, I.",
    title = "Los MOOC en números, un análisis para comenzar la reflexión",
 journal = " revista unam ",
  volume = " vol.17, No.1",
    year = " 2016 ",
   DOI = "http://www.revista.unam.mx/vol.17/num1/art01/"
   }
   
   @article {meta ,
      author = " Sangrà, A. and Sanmamed and Anderson, T ",
    title = "Metaanálisis de la investigación sobre MOOC en el período 2013-2014 ",
 journal = "Educación XX1",
  volume = " 18 ",
   pages = "p. 21-49 ",
       year = " 2015 ",
   DOI = " http://hdl.handle.net/10609/46121 "
   }
   
    @article {Nrb17,
      author = " Rabanal, N. ",
    title = " Cursos MOOC un enfoque desde la economía ",
 journal = "  RIED: revista iberoamericana de educación a distancia ",
  volume = "  Vol. 20, ",
   pages = " págs. 145-160",
   year = "  2017 ",
   DOI = " http://revistas.uned.es/index.php/ried/article/view/16664/14957 "
   }
   
    @article {jcAF17 ,
      author = " Aguado Franco, J. C. ",
    title = " PRESENTACIÓN. Visión de los MOOC desde una perspectiva práctica ",
 journal = " RIED: revista iberoamericana de educación a distancia, ",
  volume = " Vol. 20, ",
    year = "  2017  ",
   pages = " págs. 31-38 ",
   DOI = " http://revistas.uned.es/index.php/ried/article/view/17481/14992"
   }
   
    @article {alt15,
    author = " Bartolomé Pina, A.R. and Steffens, K. ",
    title = " ¿Son los MOOC una alternativa de aprendizaje? ",
    journal = " Comunicar ",
    volume = " 22 ",
    year = " 2015  ",
   pages = "  ",
   DOI = " https://www.revistacomunicar.com/index.php?contenido=detalles&numero=44&articulo=44-2015-10 "
   }
   
   @article {hbr15,
      author = " Zhenghao, C.and Alcorn, B. and Christensen, G. and Eriksson, N. and Koller, D.and Emanuel, E. J.  ",
    title = " Who’s Benefiting from MOOCs, and Why ",
 journal = " Harward Business Review  ",
  volume = "  ",
    year = " 2015  ",
   pages = "  ",
   DOI = " https://hbr.org/2015/09/whos-benefiting-from-moocs-and-why "
   }
   
   @article {cae16 ,
      author = " Barack,M.and Watted, A. and Hossam, H.  ",
    title = " Motivation to learn in massive open online courses: Examining aspects of language and social engagement ",
 journal = " Computers and Education ",
  volume = " 94 ",
    year = " 2016  ",
   pages = "  ",
   DOI = "  http://www.sciencedirect.com/science/article/pii/S0360131515300828 "
   }
   
   
   @article{spr16,
  author = "Fidalgo-Blanco, A. and Sein-Echaluce, M. L. and Garcia-Penalvo, F. J.",
   title="From massive access to cooperation: lessons learned and proven results of a hybrid xMOOC/cMOOC pedagogical approach to MOOCs",
  journal="International Journal of Educational Technology in Higher Education",
  year="2016",
 volume="13",
 pages="24",
   DOI = " https://educationaltechnologyjournal.springeropen.com/articles/10.1186/s41239-016-0024-z "
   }
   
   @misc{knu16,
    author    = "VVAA",
    title     = "Informe MOOC	y	criterios	de	calidad",
    year = "2016",
    DOI      = "  http://tic.crue.org/wp-content/uploads/2016/03/InformeMOOC_CRUETIC_ver1-0.pdf "
}
 
     @article {ind13 ,
      author = " Guàrdia, L. and Maina, M. and Sangrà, A.",
    title = " MOOC Design Principles. A Pedagogical Approach
from the Learner’s Perspective  ",
 journal = " In-depth ",
  volume = " 33 ",
    year = " 2013  ",
   pages = "  ",
   DOI = "  http://r-libre.teluq.ca/596/1/In-depth_33_4.pdf "
   }
   
    @article { vbc16,
      author = " Bozkurt A. and  Honeyhurch S. and Caines A. and Bali M. and KoutropoulosS A. ",
    title = " COMMUNITY TRACKING IN A cMOOC AND NOMADIC LEARNER BEHAVIOR IDENTIFICATION ON A CONNECTIVIST RHIZOMATIC LEARNING NETWORK ",
 journal = "Turkish Online Journal of Distance Education 
 ",
  volume = " 0 ",
    year = " 2016  ",
   pages = "  ",
   DOI = " http://dergipark.ulakbim.gov.tr/tojde/article/view/5000204512  "
   }
   
    @misc  {oer13,
      author = " VVAA ",
    title = "  ",
    year = "2013",
    url = " https://assets.cengage.com/pdf/wp_oer-evolving-higher-ed-landscape.pdf "
    }
    
     @misc  {cetis,
      author = "  Yuan, L.and Powell, S. ",
    title = " MOOCs and
Open Education: Implications for Higher Education A white paper ",
year = "2013",
    url = " http://publications.cetis.org.uk/wp-content/uploads/2013/03/MOOCs-and-Open-Education.pdf  "
    }
   
   @misc  {eadtu,
      author = " VVAA ",
    title = " OOFHEC2017 ",
    year = " 2017",
    url = " http://www.openuped.eu/events/177-oofhec2016"
    }

   
 @article{GuardiaOrtiz2013,
abstract = {We present a set of learning design principles drawn from the learner¿s perspective. They focus on empowering learners in networked environments for fostering critical thinking and collaboration, developing competence based outcomes, encouraging peer assistance and assessment through social appraisal, providing strategies and tools for self-regulation, and finally using a variety of media and ICTs to create and publish learning resources and outputs.},
author = {Gu{\`{a}}rdia, L. and Sangr{\`{a}}, A. and Maina, M.},
file = {:home/vale/.local/share/data/Mendeley Ltd./Mendeley Desktop/Downloaded/Gu{\`{a}}rdia Ortiz, Sangr{\`{a}} Morer, Maina - 2013 - Elearning papers.pdf:pdf},
issn = {1887-1542},
keywords = {Educaci{\'{o}}n,Education,Ense{\~{n}}anza,Learning design,MOOC,Pedagogia,Study and teaching,dise{\~{n}}o de aprendizaje,disseny d'aprenentatge,educaci{\'{o}} en l{\'{i}}nia,educaci{\'{o}}n en l{\'{i}}nea,educational models,empoderament de l'estudiant,empoderamiento del alumno,learner empowerment,modelos educativos,models educatius,online learning},
pages = {1--6},
publisher = {P.A.U. Education},
title = {{MOOC Design Principles. A Pedagogical Approach
from the Learner’s Perspective}},
journal = {{Elearning papers.}},
url = {http://openaccess.uoc.edu/webapps/o2/handle/10609/41681},
year = {2013}
}

 @book {Cpc11,
    author = "Creswell, j. Plano Clark, V.",
    title = "Designing and Conducting Mixed Methods Research",
   publisher = "SAGE Publications, Inc",
    pages = " 81-85",
     year = "2011"
     } 
     
   
@article{Ivankova2006,
abstract = {This article discusses some procedural issues related to the mixed-methods sequential explanatory design, which implies collecting and analyzing quantitative and then qualitative data in two consecutive phases within one study. Such issues include deciding on the priority or weight given to the quantitative and qualitative data collection and analysis in the study, the sequence of the data collection and analysis, and the stage/stages in the research process at which the quantitative and qualitative data are connected and the results are integrated. The article provides a methodological overview of priority, implementation, and mixing in the sequential explanatory design and offers some practical guidance in addressing those issues. It also outlines the steps for graphically representing the procedures in a mixed-methods study. A mixed-methods sequential explanatory study of doctoral students' persistence in a distance-learning program in educational leadership is used to illustrate the methodological dis...},
author = {Ivankova, N. V. and Creswell, John W. and Stick, Sheldon L.},
doi = {10.1177/1525822X05282260},
issn = {1525-822X},
journal = {Field Methods},
keywords = {case study,design,mixed methods,qualitative,quantitative,survey},
month = {feb},
number = {1},
pages = {3--20},
publisher = {Sage PublicationsSage CA: Thousand Oaks, CA},
title = {{Using Mixed-Methods Sequential Explanatory Design: From Theory to Practice}},
url = {http://fmx.sagepub.com/cgi/doi/10.1177/1525822X05282260},
volume = {18},
year = {2006}
}


@article{CaberoAlmenara2016,
abstract = {{\textless}p{\textgreater}{\textless}p{\textgreater}La Tecnolog{\'{i}}a Educativa (TE) ha sido una de las disciplinas de la Ciencias de la Educaci{\'{o}}n que m{\'{a}}s ha evolucionado en el terreno de las Ciencias de la Educaci{\'{o}}n, aunque tambi{\'{e}}n debemos reconocer que en los {\'{u}}ltimos tiempos se ha dado un cierto retroceso de sus principios, que afortunadamente se est{\'{a}} superando, por su equiparaci{\'{o}}n desde ciertos sectores con la aplicaci{\'{o}}n de las Tecnolog{\'{i}}as de la Informaci{\'{o}}n y Comunicaci{\'{o}}n (TIC). En su evoluci{\'{o}}n han intervenido diferentes acontecimientos que van desde las transformaciones ocurridas en las corrientes psicol{\'{o}}gicas que tradicionalmente la han fundamentado, la significaci{\'{o}}n adquiridas por las TIC en la sociedad del conocimiento con la aparici{\'{o}}n constantes de tecnolog{\'{i}}as emergentes, el reclamo de ampliaci{\'{o}}n de su fundamentaci{\'{o}}n te{\'{o}}rica, y el asumir que no es algo monol{\'{i}}tico y por tanto transferible y aplicable en cualquier contexto. L{\'{o}}gicamente estas transformaciones tambi{\'{e}}n han repercutido en las visiones existentes sobre su investigaci{\'{o}}n, encontr{\'{a}}ndonos con un aumento no solo en su producci{\'{o}}n y tem{\'{a}}ticas, sino tambi{\'{e}}n, en un cambio de paradigmas, metodolog{\'{i}}as, perspectivas, preguntas de investigaci{\'{o}}n y agenda de investigaci{\'{o}}n. Para analizar su investigaci{\'{o}}n en el art{\'{i}}culo se pretenden responder a dos preguntas: qu{\'{e}} debemos aprender de los pasados estudios de investigaci{\'{o}}n en TE? y ¿c{\'{o}}mo abordar las futuras investigaciones en TE?{\textless}/p{\textgreater}{\textless}/p{\textgreater}},
author = {{Cabero Almenara}, Julio},
doi = {10.6018/riite/2016/256741},
file = {:home/vale/.local/share/data/Mendeley Ltd./Mendeley Desktop/Downloaded/Cabero Almenara - 2016 - ¿Qu{\'{e}} debemos aprender de las pasadas investigaciones en Tecnolog{\'{i}}a Educativa.pdf:pdf},
issn = {2529-9638},
journal = {Revista Interuniversitaria de Investigaci{\'{o}}n en Tecnolog{\'{i}}a Educativa},
month = {jun},
number = {0},
title = {{¿Qu{\'{e}} debemos aprender de las pasadas investigaciones en Tecnolog{\'{i}}a Educativa?}},
url = {http://revistas.um.es/riite/article/view/256741},
volume = {0},
year = {2016}
}

@misc{RAMIREZGONZALES2008,
abstract = {The performance of carbon, polyvinylalcohol (PVA) and steel microfibers on alkali silica reaction (ASR) were investigated. Two series of mortar specimens containing different amounts of microfibers were cast. One of the series was cured in accordance with ASTM C1260 test method, while other series were additionally cured at 23 °C in water for 14 days before standard ASTM C1260 curing period. Extended curing was found to be effective on reduction of ASR expansions in all of the mixtures containing any type of microfibers used in this study. This may be due to enhancement of matrix-microfiber bonding. ASR expansions were reduced by increasing the microfiber content in the specimens subjected to extended curing. {\textcopyright} 2007 Elsevier Ltd. All rights reserved.},
author = {{RAM{\'{I}}REZ GONZ{\'{A}}LES}, ALBERTO},
booktitle = {Construction and Building Materials},
doi = {10.1016/j.conbuildmat.2007.03.027},
issn = {09500618},
keywords = {Alkali silica reaction,Carbon microfiber,Polyvinylalcohol microfiber,Steel microfiber},
number = {7},
pages = {1527--1531},
title = {{Metodolog{\'{i}}a De La Investigaci{\'{o}}n Cient{\'{i}}fica}},
url = {http://uoc.summon.serialssolutions.com/2.0.0/link/0/eLvHCXMwY2AwNtIz0EUrE8yS05ItTU3Tkk0MUoEN7hTjpCTLRJNEy1SzxGRgg8EIPPxh4u1jEehkEcbEALvtCthog8SDXnKZXmk-5N6vlMTM4kp9X5iUfoCnC2hlFuiUEzP9{\_}MRMFAG9itwcZgZmYDYCpXVzN{\_}Dhj8lIVYibIIOwK{\_}zGGQXYoLkQA1NqsQiDom9qCbB7CCyGDq9NVEhJVchJVMiEHYCRnHl4c54og66ba4izhy7Q2PgUYCmQnBoPOrI5uSweJAJ0cDyye4zFGFiA{\_}fpUCQYF87RUM9MUU3OTZDMzk8RkcwtjA8s0o5Q0CwsTozQDwzRJBjXizJQiVqEMA0tJUWmqLDgMAEUPfW8},
volume = {22},
year = {2008}
}

